<?xml version="1.0" encoding="UTF-8"?><collection xmlns="http://www.loc.gov/MARC21/slim"><record><leader>00567nam--2200181-u-4500</leader><controlfield tag="001">000053789</controlfield><controlfield tag="002">20161230</controlfield><controlfield tag="005">20161230201051</controlfield><controlfield tag="008">110621s1000------------r-----000-0-rus-d</controlfield><datafield ind1=" " ind2=" " tag="040"><subfield code="a">IFIN-HH</subfield></datafield><datafield ind1=" " ind2=" " tag="041"><subfield code="a">rus</subfield></datafield><datafield ind1=" " ind2=" " tag="080"><subfield code="a">537.87(082.1)</subfield></datafield><datafield ind1="1" ind2=" " tag="110"><subfield code="a">Moskovskoe Obsestvo Isptatelei Pripodi</subfield></datafield><datafield ind1="1" ind2="0" tag="245"><subfield code="a">Novie voprosi prikladnoi elektrodinamiki</subfield><subfield code="b">Materiali sovsanie sectii fiziki moskovskogo obesestva ispitatelei prirodi po prikladnoi elektrodinamike</subfield></datafield><datafield ind1=" " ind2=" " tag="260"><subfield code="a">Moskva</subfield><subfield code="b">Nauka</subfield><subfield code="c">1976</subfield></datafield><datafield ind1=" " ind2=" " tag="300"><subfield code="a">133P</subfield></datafield><datafield ind1=" " ind2=" " tag="852"><subfield code="a">43857</subfield><subfield code="c">537:538</subfield></datafield><datafield ind1=" " ind2=" " tag="CAT"><subfield code="a">Sys</subfield><subfield code="c">20110621</subfield><subfield code="h">135830</subfield></datafield></record></collection>